@misc{one,
  title={Wireless network security},
  author={Xiao, Yang and Chen, Hui and Yang, Shuhui and Lin, Yi-Bing and Du, Ding-Zhu},
  journal={EURASIP Journal on Wireless Communications and Networking},
  volume={2009},
  number={1},
  pages={1--3},
  year={2009},
  publisher={SpringerOpen}
}

@article{two,
  title={Communication theory of secrecy systems},
  author={Shannon, Claude E},
  journal={The Bell system technical journal},
  volume={28},
  number={4},
  pages={656--715},
  year={1949},
  publisher={Nokia Bell Labs}
}

@INPROCEEDINGS{three,
  author={Baraković, Sabina and Kurtović, Ena and Božanović, Olja and Mirojević, Anes and Ljevaković, Selmir and Jokić, Aleksandar and Peranović, Mladen and Husić, Jasmina Baraković},
  booktitle={2016 XI International Symposium on Telecommunications (BIHTEL)}, 
  title={Security issues in wireless networks: An overview}, 
  year={2016},
  volume={},
  number={},
  pages={1-6},
  doi={10.1109/BIHTEL.2016.7775732}}

@ARTICLE{four,
  author={Mukherjee, Amitav and Fakoorian, S. Ali A. and Huang, Jing and Swindlehurst, A. Lee},
  journal={IEEE Communications Surveys & Tutorials}, 
  title={Principles of Physical Layer Security in Multiuser Wireless Networks: A Survey}, 
  year={2014},
  volume={16},
  number={3},
  pages={1550-1573},
  doi={10.1109/SURV.2014.012314.00178}}

@INPROCEEDINGS{five,
  author={Chorti, Arsenia and Perlaza, Samir M. and Han, Zhu and Poor, H. Vincent},
  booktitle={2012 IEEE Global Communications Conference (GLOBECOM)}, 
  title={Physical layer security in wireless networks with passive and active eavesdroppers}, 
  year={2012},
  volume={},
  number={},
  pages={4868-4873},
  doi={10.1109/GLOCOM.2012.6503890}}

@article{six,
  title={Information security of PHY layer in wireless networks},
  author={Fang, Weidong and Li, Fengrong and Sun, Yanzan and Shan, Lianhai and Chen, Shanji and Chen, Chao and Li, Meiju},
  journal={Journal of Sensors},
  volume={2016},
  year={2016},
  publisher={Hindawi}
}

@ARTICLE{seven,
  author={Kapetanovic, Dzevdan and Zheng, Gan and Rusek, Fredrik},
  journal={IEEE Communications Magazine}, 
  title={Physical layer security for massive MIMO: An overview on passive eavesdropping and active attacks}, 
  year={2015},
  volume={53},
  number={6},
  pages={21-27},
  doi={10.1109/MCOM.2015.7120012}}

@article{eight,
  title={Physical layer security using beamforming techniques for 5G and beyond networks: A systematic review},
  author={Sharma, Himanshu and Kumar, Neeraj and Tekchandani, Rajkumar},
  journal={Physical Communication},
  pages={101791},
  year={2022},
  publisher={Elsevier}
}

@ARTICLE{nine,
  author={Zheng, Tong-Xing and Wang, Hui-Ming and Yang, Qian and Lee, Moon Ho},
  journal={IEEE Transactions on Wireless Communications}, 
  title={Safeguarding Decentralized Wireless Networks Using Full-Duplex Jamming Receivers}, 
  year={2017},
  volume={16},
  number={1},
  pages={278-292},
  doi={10.1109/TWC.2016.2622689}}

@article{ten,
  title={Massive MIMO: Ten myths and one critical question},
  author={Bj{\"o}rnson, Emil and Larsson, Erik G and Marzetta, Thomas L},
  journal={IEEE Communications Magazine},
  volume={54},
  number={2},
  pages={114--123},
  year={2016},
  publisher={IEEE}
}

@ARTICLE{eleven,
  author={Abdalla, Aly Sabri and Powell, Keith and Marojevic, Vuk and Geraci, Giovanni},
  journal={IEEE Wireless Communications}, 
  title={UAV-Assisted Attack Prevention, Detection, and Recovery of 5G Networks}, 
  year={2020},
  volume={27},
  number={4},
  pages={40-47},
  doi={10.1109/MWC.01.1900545}}

@article{twelve,
  title={A survey on OFDM physical layer security},
  author={Melki, Reem and Noura, Hassan N and Mansour, Mohammad M and Chehab, Ali},
  journal={Physical Communication},
  volume={32},
  pages={1--30},
  year={2019},
  publisher={Elsevier}
}

@ARTICLE{thirteen,
  author={Jameel, Furqan and Wyne, Shurjeel and Kaddoum, Georges and Duong, Trung Q.},
  journal={IEEE Communications Surveys & Tutorials}, 
  title={A Comprehensive Survey on Cooperative Relaying and Jamming Strategies for Physical Layer Security}, 
  year={2019},
  volume={21},
  number={3},
  pages={2734-2771},
  doi={10.1109/COMST.2018.2865607}}

@article{fourteen,
  title={Survey on physical layer security for 5G wireless networks},
  author={S{\'a}nchez, Jos{\'e} David Vega and Urquiza-Aguiar, Luis and Paredes, Martha Cecilia Paredes and Osorio, Diana Pamela Moya},
  journal={Annals of Telecommunications},
  volume={76},
  pages={155--174},
  year={2021},
  publisher={Springer}
}

@ARTICLE{fifteen,
  author={Khan, Rabia and Kumar, Pardeep and Jayakody, Dushantha Nalin K. and Liyanage, Madhusanka},
  journal={IEEE Communications Surveys & Tutorials}, 
  title={A Survey on Security and Privacy of 5G Technologies: Potential Solutions, Recent Advancements, and Future Directions}, 
  year={2020},
  volume={22},
  number={1},
  pages={196-248},
  doi={10.1109/COMST.2019.2933899}}

@INPROCEEDINGS{sixteen,
  author={Ghourab, Esraa M. and Mansour, Ahmed and Azab, Mohamed and Rizk, Mohamed and Mokhtar, Amr},
  booktitle={2017 8th IEEE Annual Information Technology, Electronics and Mobile Communication Conference (IEMCON)}, 
  title={Towards physical layer security in Internet of Things based on reconfigurable multiband diversification}, 
  year={2017},
  volume={},
  number={},
  pages={446-450},
  doi={10.1109/IEMCON.2017.8117197}}
